<?xml version="1.0" encoding="UTF-8"?><record xmlns="http://www.loc.gov/MARC21/slim" xmlns:cinclude="http://apache.org/cocoon/include/1.0" xmlns:zs="http://www.loc.gov/zing/srw/">
  <leader>00510nz  a2200133n  4500</leader>
  <controlfield tag="001">n 2008182640</controlfield>
  <controlfield tag="003">DLC</controlfield>
  <controlfield tag="005">20080614081429.0</controlfield>
  <controlfield tag="008">080613n| acannaabn          |n aaa      </controlfield>
  <datafield tag="010" ind1=" " ind2=" ">
    <subfield code="a">n 2008182640</subfield>
  </datafield>
  <datafield tag="035" ind1=" " ind2=" ">
    <subfield code="a">(DNLM)1417146</subfield>
  </datafield>
  <datafield tag="040" ind1=" " ind2=" ">
    <subfield code="a">DNLM</subfield>
    <subfield code="b">eng</subfield>
    <subfield code="c">DNLM</subfield>
  </datafield>
  <datafield tag="100" ind1="1" ind2=" ">
    <subfield code="a">Larrabee, June H.</subfield>
  </datafield>
  <datafield tag="670" ind1=" " ind2=" ">
    <subfield code="a">Larrabee, June H. Nurse to nurse. Evidence-based practice, c2009:</subfield>
    <subfield code="b">ECIP t.p. (June H. Larrabee, PhD, RN, prof., West Virginia Univ. Sch. of Nurs. and clinical investigator, West Virginia Univ. Hospitals, Morgantown, WV)</subfield>
  </datafield>
</record>